@article{Davis,
title = "Measurement of the Solar Electron Neutrino Flux with the Homestake Chlorine Detector",
journal = "The Astrophysical Journal",
volume = "496",
pages = "505 - 526",
year = "1998",
number = "1",
doi = "10.1086/305343",
author = "Bruce T. Cleveland and Timothy Daily and Raymond Davis, Jr. and James R. Distel and Kenneth Lande and C. K. Lee and Paul S. Wildenhain and Jack Ullman"
}

@article{KolataNeutwall,
title = "A large segmented neutron detector for reaction studies with radioactive beams near the Coulomb barrier",
journal = "Nuclear Instruments and Methods in Physics Research Section A: Accelerators, Spectrometers, Detectors and Associated Equipment",
volume = "557",
number = "2",
pages = "594 - 598",
year = "2006",
note = "",
issn = "0168-9002",
doi = "10.1016/j.nima.2005.11.161",
url = "http://www.sciencedirect.com/science/article/pii/S0168900205022400",
author = "J.J. Kolata and Hanan Amro and M. Cloughesy and P.A. DeYoung and J. Rieth and J.P. Bychowski and G. Peaslee",
keywords = "Neutron detection",
keywords = "Plastic scintillators",
keywords = "Position sensitive"
}

@article{BisplinghoffHodoscope,
title = "A scintillating fibre hodoscope for high rate applications",
journal = "Nuclear Instruments and Methods in Physics Research Section A: Accelerators, Spectrometers, Detectors and Associated Equipment",
volume = "490",
number = "1–2",
pages = "101 - 111",
year = "2002",
note = "",
issn = "0168-9002",
doi = "10.1016/S0168-9002(02)01064-1",
url = "http://www.sciencedirect.com/science/article/pii/S0168900202010641",
author = "J Bisplinghoff and D Eversheim and W Eyrich and R Joosten and O Nähle and F Stinzing and A Teufel and M Wagner and R Webb and S Wirth and R Ziegler",
keywords = "Scintillating fibre",
keywords = "Hodoscope",
keywords = "Multi-anode photomultiplier",
keywords = "High rate application"
}

@misc{Bicron,
url = "http://www.detectors.saint-gobain.com/uploadedFiles/SGdetectors/Documents/Brochures/Scintillating-Optical-Fibers-Brochure.pdf",
title = "Scintillating Optical Fibers",
organization = "Saint-Gobain Crystals",
address = "Hiram, OH, USA"
}

@article{WojcikWLS,
title = "Embedded waveshifting fiber readout of long scintillators",
journal = "Nuclear Instruments and Methods in Physics Research Section A: Accelerators, Spectrometers, Detectors and Associated Equipment",
volume = "342",
number = "2–3",
pages = "416 - 435",
year = "1994",
note = "",
issn = "0168-9002",
doi = "10.1016/0168-9002(94)90269-0",
url = "http://www.sciencedirect.com/science/article/pii/0168900294902690",
author = "R. Wojcik and B. Kross and S. Majewski and A.G. Weisenberger and C. Zorn"
}

@article{YongWeiTyvek,
author = {Dong, YongWei and Li, YanGuo and Wu, BoBing and Zhang, YongJie and Zhang, ShuangNan},
affiliation = {Chinese Academy of Sciences Key Laboratory of Particle Astrophysics, Institute of High Energy Physics Beijing 100049 China},
title = {Light collection of the POLAR detector},
journal = {SCIENCE CHINA Physics, Mechanics & Astronomy},
publisher = {Science China Press, co-published with Springer},
issn = {1674-7348},
keyword = {Physics and Astronomy},
pages = {43-46},
volume = {53},
issue = {0},
url = {http://dx.doi.org/10.1007/s11433-010-0008-2},
note = {10.1007/s11433-010-0008-2},
year = {2010}
}
